@article{gradcam ,
author = {Ramprasaath R. Selvaraju and Michael Cogswell and Abhishek Das and Ramakrishna Vedantam and Devi Parikh and Dhruv Batra},
title = {Grad-CAM: Visual Explanations from Deep Networks via Gradient-Based Localization},
journal = {2017 IEEE International Conference on Computer Vision (ICCV)},
year = {2017},
pages={618-626},
doi={10.1109/ICCV.2017.74}
}
@article{theory,
author = {Ghojogh, Benyamin and Crowley, Mark},
year = {2019},
month = {05},
pages = {},
title = {The Theory Behind Overfitting, Cross Validation, Regularization, Bagging, and Boosting: Tutorial}
}
@article{confounding,
author = {Zech, John and Badgeley, Marcus and Liu, Manway and Costa, Anthony and Titano, Joseph and Oermann, Eric},
year = {2018},
month = {07},
pages = {},
title = {Confounding variables can degrade generalization performance of radiological deep learning models}
}
@ARTICLE{peeking,
  author={Adadi, Amina and Berrada, Mohammed},
  journal={IEEE Access}, 
  title={Peeking Inside the Black-Box: A Survey on Explainable Artificial Intelligence (XAI)}, 
  year={2018},
  volume={6},
  number={},
  pages={52138-52160},
  doi={10.1109/ACCESS.2018.2870052}}

@article{fragile,
title={Interpretation of Neural Networks is Fragile},
author={Amirata Ghorbani and Abubakar Abid and James Y. Zou},
journal={ArXiv},
year={2017},
volume={abs/1710.10547},
url={https://api.semanticscholar.org/CorpusID:22172746}
}
@article{cnnlie,
author = {Viering, Tom and Wang, Ziqi and Loog, Marco and Eisemann, Elmar},
year = {2019},
month = {07},
pages = {},
title = {How to Manipulate CNNs to Make Them Lie: the GradCAM Case}
}
@inproceedings{sanity,
author = {Adebayo, Julius and Gilmer, Justin and Muelly, Michael and Goodfellow, Ian and Hardt, Moritz and Kim, Been},
booktitle = {Advances in Neural Information Processing Systems},
editor = {S. Bengio and H. Wallach and H. Larochelle and K. Grauman and N. Cesa-Bianchi and R. Garnett},
pages = {},
publisher = {Curran Associates, Inc.},
title = {Sanity Checks for Saliency Maps},
url = {https://proceedings.neurips.cc/paper\_files/paper/2018/file/294a8ed24b1ad
       22ec2e7efea049b8737-Paper.pdf},
volume = {31},
year = {2018}
}

@phdthesis{adebeyo ,
author = {J Adebayo},
title = {Towards Effective Tools for Debugging Machine Learning Models},
publisher = {Massachusetts Institute of Technology},
address = {Cambridge MA},
year = {2022}
}
@article{reduceoverfit,
author = {Simpson, Becks and Dutil, Francis and Bengio, Y. and Cohen, Joseph},
year = {2019},
month = {04},
pages = {},
title = {GradMask: Reduce Overfitting by Regularizing Saliency}
}
@article{fastchest,
author={Pasa, F.
and Golkov, V.
and Pfeiffer, F.
and Cremers, D.
and Pfeiffer, D.},
title={Efficient Deep Network Architectures for Fast Chest X-Ray Tuberculosis Screening and Visualization},
journal={Scientific Reports},
year={2019},
volume={9},
number={1},
pages={6268},
issn={2045-2322},
doi={10.1038/s41598-019-42557-4},
url={https://doi.org/10.1038/s41598-019-42557-4}
}
@INPROCEEDINGS {humanaided,
author = {A. Boyd and K. Bowyer and A. Czajka},
booktitle = {2022 IEEE/CVF Winter Conference on Applications of Computer Vision (WACV)},
title = {Human-Aided Saliency Maps Improve Generalization of Deep Learning},
year = {2022},
volume = {},
issn = {},
pages = {1255-1264},
doi = {10.1109/WACV51458.2022.00132},
url = {https://doi.ieeecomputersociety.org/10.1109/WACV51458.2022.00132},
publisher = {IEEE Computer Society},
address = {Los Alamitos, CA, USA},
month = {jan}
}

@inproceedings{closerlook,
author = {Arpit, Devansh and Jastrzundefinedbski, Stanis\l{}aw and Ballas, Nicolas and Krueger, David and Bengio, Emmanuel and Kanwal, Maxinder S. and Maharaj, Tegan and Fischer, Asja and Courville, Aaron and Bengio, Yoshua and Lacoste-Julien, Simon},
title = {A Closer Look at Memorization in Deep Networks},
year = {2017},
publisher = {JMLR.org},
booktitle = {Proceedings of the 34th International Conference on Machine Learning - Volume 70},
pages = {233–242},
numpages = {10},
location = {Sydney, NSW, Australia},
series = {ICML'17}
}

@article{generalize,
author = {Zhang, Chiyuan and Bengio, Samy and Hardt, Moritz and Recht, Benjamin and Vinyals, Oriol},
title = {Understanding Deep Learning (Still) Requires Rethinking Generalization},
year = {2021},
issue_date = {March 2021},
publisher = {Association for Computing Machinery},
address = {New York, NY, USA},
volume = {64},
number = {3},
issn = {0001-0782},
url = {https://doi.org/10.1145/3446776},
doi = {10.1145/3446776},
journal = {Commun. ACM},
month = {feb},
pages = {107–115},
numpages = {9}
}
@article{memorize,
title = {Memorization and generalization in neural code intelligence models},
journal = {Information and Software Technology},
volume = {153},
pages = {107066},
year = {2023},
issn = {0950-5849},
doi = {https://doi.org/10.1016/j.infsof.2022.107066},
url = {https://www.sciencedirect.com/science/article/pii/S0950584922001756},
author = {Md Rafiqul Islam Rabin and Aftab Hussain and Mohammad Amin Alipour and Vincent J. Hellendoorn},
}

@article{systemtatic,
title = {A systematic review of trustworthy and explainable artificial intelligence in healthcare: Assessment of quality, bias risk, and data fusion},
journal = {Information Fusion},
volume = {96},
pages = {156-191},
year = {2023},
issn = {1566-2535},
doi = {https://doi.org/10.1016/j.inffus.2023.03.008},
url = {https://www.sciencedirect.com/science/article/pii/S1566253523000891},
author = {A.S. Albahri and Ali M. Duhaim and Mohammed A. Fadhel and Alhamzah Alnoor and Noor S. Baqer and Laith Alzubaidi and O.S. Albahri and A.H. Alamoodi and Jinshuai Bai and Asma Salhi and Jose Santamaría and Chun Ouyang and Ashish Gupta and Yuantong Gu and Muhammet Deveci},
}
@article{adversarial,
authors = {Hubert Baniecki and Przemyslaw Biecek},
title   = {Adversarial Attacks and Defenses in Explainable 
         Artificial Intelligence: A Survey},
journal = {arXiv:2306.06123},
year    = {2023}
}

@inproceedings{
debugcnn,
title={Debugging the Internals of Convolutional Networks},
author={Bilal Alsallakh and Narine Kokhlikyan and Vivek Miglani and Shubham Muttepawar and Edward Wang and Sara Zhang and David Adkins and Orion Reblitz-Richardson},
booktitle={eXplainable AI approaches for debugging and diagnosis.},
year={2021},
url={https://openreview.net/forum?id=0YRkrxe2blh}
}
@article{imagenet,
author = {Recht, Benjamin and Roelofs, Rebecca and Schmidt, Ludwig and Shankar, Vaishaal},
year = {2019},
month = {02},
pages = {},
title = {Do ImageNet Classifiers Generalize to ImageNet?}
}

@inproceedings{beyond,
title = "Beyond Accuracy: Behavioral Testing of {NLP} Models with {C}heck{L}ist",
author = "Ribeiro, Marco Tulio  and
Wu, Tongshuang  and
Guestrin, Carlos  and
Singh, Sameer",
booktitle = "Proceedings of the 58th Annual Meeting of the Association for Computational Linguistics",
month = jul,
year = "2020",
address = "Online",
publisher = "Association for Computational Linguistics",
url = "https://aclanthology.org/2020.acl-main.442",
doi = "10.18653/v1/2020.acl-main.442",
pages = "4902--4912",
}
@Inproceedings{defuse,
 author = {Dylan Slack and Nathalie Rauschmayr and Krishnaram Kenthapadi},
 title = {Defuse: Training more robust models through creation and correction of novel model errors},
 year = {2021},
 url = {https://www.amazon.science/publications/defuse-training-more-robust-models-through-creation-and-correction-of-novel-model-errors},
 booktitle = {NeurIPS 2021 Workshop on Explainable AI Approaches for Debugging and Diagnosis},
}
@inproceedings{
posthoc,
title={Post hoc Explanations may be Ineffective for Detecting Unknown Spurious Correlation},
author={Julius Adebayo and Michael Muelly and Harold Abelson and Been Kim},
booktitle={International Conference on Learning Representations},
year={2022},
url={https://openreview.net/forum?id=xNOVfCCvDpM}
}
@article{revisitingsanity,
author = {Yona, Gal and Greenfeld, Daniel},
title = {Revisiting Sanity Checks for Saliency Maps},
year = {2021}
}
@article{humanknow,
AUTHOR = {Tocchetti, Andrea and Brambilla, Marco},
TITLE = {The Role of Human Knowledge in Explainable AI},
JOURNAL = {Data},
VOLUME = {7},
YEAR = {2022},
NUMBER = {7},
ARTICLE-NUMBER = {93},
URL = {https://www.mdpi.com/2306-5729/7/7/93},
ISSN = {2306-5729},
DOI = {10.3390/data7070093}
}

@misc{redherring,
author = {Joseph D. Viviano and Becks Simpson and Francis Dutil and Yoshua Bengio and Joseph Paul Cohen},
title = {Saliency is a Possible Red Herring When Diagnosing Poor Generalization},
year = {2019},
}
@article{dropout,
author = {Srivastava, Nitish and Hinton, Geoffrey and Krizhevsky, Alex and Sutskever, Ilya and Salakhutdinov, Ruslan},
title = {Dropout: A Simple Way to Prevent Neural Networks from Overfitting},
year = {2014},
issue_date = {January 2014},
publisher = {JMLR.org},
volume = {15},
number = {1},
issn = {1532-4435},
journal = {J. Mach. Learn. Res.},
month = {jan},
pages = {1929–1958},
numpages = {30},
}

@InProceedings{batchsize,
  title = 	 {Batch Normalization: Accelerating Deep Network Training by Reducing Internal Covariate Shift},
  author = 	 {Ioffe, Sergey and Szegedy, Christian},
  booktitle = 	 {Proceedings of the 32nd International Conference on Machine Learning},
  pages = 	 {448--456},
  year = 	 {2015},
  editor = 	 {Bach, Francis and Blei, David},
  volume = 	 {37},
  series = 	 {Proceedings of Machine Learning Research},
  address = 	 {Lille, France},
  publisher =    {PMLR},
  pdf = 	 {http://proceedings.mlr.press/v37/ioffe15.pdf},
  url = 	 {https://proceedings.mlr.press/v37/ioffe15.html},
}
@misc{vgg16,
Author = {Karen Simonyan and Andrew Zisserman},
Title = {Very Deep Convolutional Networks for Large-Scale Image Recognition},
Year = {2014},
Eprint = {arXiv:1409.1556},
}
@inproceedings{overandunder,
author = {Bashir, Daniel and Monta\~{n}ez, George D. and Sehra, Sonia and Segura, Pedro Sandoval and Lauw, Julius},
title = {An Information-Theoretic Perspective on Overfitting and Underfitting},
year = {2020},
isbn = {978-3-030-64983-8},
publisher = {Springer-Verlag},
address = {Berlin, Heidelberg},
url = {https://doi.org/10.1007/978-3-030-64984-5\_27},
doi = {10.1007/978-3-030-64984-5_27},
booktitle = {AI 2020: Advances in Artificial Intelligence: 33rd Australasian Joint Conference, AI 2020, Canberra, ACT, Australia, November 29–30, 2020, Proceedings},
pages = {347–358},
numpages = {12},
location = {Canberra, ACT, Australia}
}

@inproceedings{vgg16overfit,
author = {Tammina, Srikanth},
year = {2019},
month = {10},
pages = {p9420},
title = {Transfer learning using VGG-16 with Deep Convolutional Neural Network for Classifying Images},
volume = {9},
journal = {International Journal of Scientific and Research Publications (IJSRP)},
doi = {10.29322/IJSRP.9.10.2019.p9420}
}

@Article{vgg16overfit2,
AUTHOR = {Manataki, Merope and Papadopoulos, Nikos and Schetakis, Nikolaos and Di Iorio, Alessio},
TITLE = {Exploring Deep Learning Models on GPR Data: A Comparative Study of AlexNet and VGG on a Dataset from Archaeological Sites},
JOURNAL = {Remote Sensing},
VOLUME = {15},
YEAR = {2023},
NUMBER = {12},
ARTICLE-NUMBER = {3193},
URL = {https://www.mdpi.com/2072-4292/15/12/3193},
ISSN = {2072-4292},
DOI = {10.3390/rs15123193}
}
@inproceedings{labelrecorder,
author = {Rong, Kyle and Khant, Aditya and Flores, David and Monta\~{n}ez, George D.},
title = {The Label Recorder Method: Testing the Memorization Capacity of Machine Learning Models},
year = {2021},
isbn = {978-3-030-95466-6},
publisher = {Springer-Verlag},
address = {Berlin, Heidelberg},
url = {https://doi.org/10.1007/978-3-030-95467-3\_42},
doi = {10.1007/978-3-030-95467-3_42},
pages = {581–595},
numpages = {15},
location = {Grasmere, United Kingdom}
}
@article{randtest,
author = {Manly, Bryan F.J.},
title = {Randomization Tests, 4th Edition by Eugene S. Edgington, Patrick Onghena},
journal = {International Statistical Review},
volume = {75},
number = {2},
pages = {269-269},
doi = {https://doi.org/10.1111/j.1751-5823.2007.00015\_21.x},
url = {https://onlinelibrary.wiley.com/doi/abs/10.1111/j.1751-5823.2007.00015_21.x},
eprint = {https://onlinelibrary.wiley.com/doi/pdf/10.1111/j.1751-5823.2007.00015_21.x},
year = {2007}
}

@inproceedings{complexity,
author = {Hu, Xia and Liu, Weiqing and Bian, Jiang and Pei, Jian},
title = {Measuring Model Complexity of Neural Networks with Curve Activation Functions},
year = {2020},
isbn = {9781450379984},
publisher = {Association for Computing Machinery},
address = {New York, NY, USA},
url = {https://doi.org/10.1145/3394486.3403203},
doi = {10.1145/3394486.3403203},
booktitle = {Proceedings of the 26th ACM SIGKDD International Conference on Knowledge Discovery \& Data Mining},
pages = {1521–1531},
numpages = {11},
location = {Virtual Event, CA, USA},
series = {KDD '20}
}
@article{modelcomplexity,
author = {Hu, Xia and Chu, Lingyang and Pei, Jian and Liu, Weiqing and Bian, Jiang},
title = {Model Complexity of Deep Learning: A Survey},
year = {2021},
issue_date = {Oct 2021},
publisher = {Springer-Verlag},
address = {Berlin, Heidelberg},
volume = {63},
number = {10},
issn = {0219-1377},
url = {https://doi.org/10.1007/s10115-021-01605-0},
doi = {10.1007/s10115-021-01605-0},
journal = {Knowl. Inf. Syst.},
month = {oct},
pages = {2585–2619},
numpages = {35},
}
@inproceedings{rrr,
author = {Ross, Andrew Slavin and Hughes, Michael C. and Doshi-Velez, Finale},
title = {Right for the Right Reasons: Training Differentiable Models by Constraining Their Explanations},
year = {2017},
isbn = {9780999241103},
publisher = {AAAI Press},
pages = {2662–2670},
numpages = {9},
location = {Melbourne, Australia},
series = {IJCAI'17}
}
@ARTICLE{medicalsaftey,
  author={Jia, Yan and McDermid, John and Lawton, Tom and Habli, Ibrahim},
  journal={IEEE Transactions on Emerging Topics in Computing}, 
  title={The Role of Explainability in Assuring Safety of Machine Learning in Healthcare}, 
  year={2022},
  volume={10},
  number={4},
  pages={1746-1760},
  doi={10.1109/TETC.2022.3171314}}

GradCAM tutorials
    for main algorithm:
        https://keras.io/examples/vision/grad_cam/
    for normalization of heatmap
        https://pyimagesearch.com/2020/03/09/grad-cam-visualize-class-activation-maps-with-keras-tensorflow-and-deep-learning/

@INPROCEEDINGS{interpvscomp,
  author={Amorim, José P. and Abreu, Pedro H. and Reyes, Mauricio and Santos, João},
  booktitle={2020 International Joint Conference on Neural Networks (IJCNN)}, 
  title={Interpretability vs. Complexity: The Friction in Deep Neural Networks}, 
  year={2020},
  volume={},
  number={},
  pages={1-7},
  doi={10.1109/IJCNN48605.2020.9206800}}

@misc{invariant,
      title={Invariant Risk Minimization}, 
      author={Martin Arjovsky and Léon Bottou and Ishaan Gulrajani and David Lopez-Paz},
      year={2020},
      eprint={1907.02893},
      archivePrefix={arXiv},
      primaryClass={stat.ML}
}

@misc{membershipinference,
      title={Membership Inference Attacks against Machine Learning Models}, 
      author={Reza Shokri and Marco Stronati and Congzheng Song and Vitaly Shmatikov},
      year={2017},
      eprint={1610.05820},
      archivePrefix={arXiv},
      primaryClass={cs.CR}
}

@misc{tailabouttail,
      title={Does Learning Require Memorization? A Short Tale about a Long Tail}, 
      author={Vitaly Feldman},
      year={2021},
      eprint={1906.05271},
      archivePrefix={arXiv},
      primaryClass={cs.LG}
}
@inproceedings{heuristics,
author = {Nassih, Rym and Berrado, Abdelaziz},
year = {2020},
month = {09},
pages = {1-5},
title = {State of the art of Fairness, Interpretability and Explainability in Machine Learning: Case of PRIM},
doi = {10.1145/3419604.3419776}
}
@article{CDS,
author = {Sutton, Reed and Pincock, David and Baumgart, Daniel and Sadowski, Daniel and Fedorak, Richard and Kroeker, Karen},
year = {2020},
month = {02},
pages = {},
title = {An overview of clinical decision support systems: benefits, risks, and strategies for success},
volume = {3},
doi = {10.1038/s41746-020-0221-y}
}